08500000         228057276000125108004              0010820000000147630 BR4ZIL IMPORTS PRODUTOS GRAFICCECRED                                  10802201817110200000308701600                                                                     
08500011R01  045 2028057276000125108004              0010820000000147630 BR4ZIL IMPORTS PRODUTOS GRAFIC                                                                                000000030802201800000000                                 
0850001300001P 010010820000000147630 00108004000000021   11122TESTE-020      0112201700000000002354700000001N14072017101122017000000000000008000000000000000000000000000000000000000000000000000000TESTE-020                3002000090000000000 
0850001300002Q 012019879218000196DESTAK COMUNICACAO VISUAL LTDA - ME     R VITOR VALPIRIO                    434 ANCHIETA       90200230PORTO ALEGRE   RS0000000000000000                                        000                            
COD0001300003R 010000000000000000000000000000000000000000000000002171201  000000000000200                                                                                                              000000000850010820000000147630 1         
08500015         00000500000000000000000000000000000000000000000000000000000000000000000000000000000000000000000000                                                                                                                             
08599999         000001000007                                                                                                                                                                                                                   
